@ARTICLE{BYOSE:1,
AUTHOR="Dictionary.com",
TITLE="http://www.dictionary.com/browse/document",
JOURNAL="Random House Dictionary",
YEAR="2016",
}

@ARTICLE{BYOSE:2,
AUTHOR="M.F. Porter",
TITLE="An Algorithm for Suffix Stripping",
JOURNAL="Program, 14 no.3",
YEAR="1980",
}

@ARTICLE{BYOSE:3,
AUTHOR="Tong Zhang, Frank J Oles",
TITLE="Text Categorization Based on Regularized Linear Classification Models",
JOURNAL="Information Retrieval",
YEAR="2001",
}

@ARTICLE{BYOSE:4,
AUTHOR="Thomas K Landauer, Peter W Foltz, Darrell Laham",
TITLE="An Introduction to Latent Semantic Anaysis",
JOURNAL="Discourse Processes",
YEAR="2001",
}

@ARTICLE{BYOSE:5,
AUTHOR="Thorsten Joachims",
TITLE="Text Categorization with Support Vector Machines: Learning with Many Relevant Features",
JOURNAL="Springer",
YEAR="1998"
}

@ARTICLE{BYOSE:6,
AUTHOR="NLTK Project",
TITLE="Natural Language Toolkit",
JOURNAL="nltk.org",
YEAR="2015",
}